@article{Black1976,
    author = {Black, Fischer},
    journal = {Journal of Financial Economics},
    number = {1-2},
    pages = {167--179},
    publisher = {North-Holland},
    title = {{The pricing of commodity contracts}},
    volume = {3},
    year = {1976}
}
@article{Heston1993,
  title={A Closed-Form Solution for Options with Stochastic Volatility with Applications to Bond and Currency Options},
  author={Steven Heston},
  journal={Review of Financial Studies},
  year={1993},
  volume={6},
  pages={327-343}
}

@book{Mandelbrot1984,
  title={Fractal Geometry of Nature},
  author={Benoit B. Mandelbrot},
  year={1984}
}