@article{Black1976,
    author = {Black, Fischer},
    journal = {Journal of Financial Economics},
    number = {1-2},
    pages = {167--179},
    publisher = {North-Holland},
    title = {{The pricing of commodity contracts}},
    volume = {3},
    year = {1976}
}